%YAML 1.1
%TAG !u! tag:unity3d.com,2011:
--- !u!1 &419370437438488749
GameObject:
  m_ObjectHideFlags: 0
  m_CorrespondingSourceObject: {fileID: 0}
  m_PrefabInstance: {fileID: 0}
  m_PrefabAsset: {fileID: 0}
  serializedVersion: 6
  m_Component:
  - component: {fileID: 1600115923300915950}
  - component: {fileID: 6750507991638440816}
  - component: {fileID: 2272133104374402928}
  m_Layer: 0
  m_Name: viewscreen
  m_TagString: Untagged
  m_Icon: {fileID: 0}
  m_NavMeshLayer: 0
  m_StaticEditorFlags: 0
  m_IsActive: 1
--- !u!4 &1600115923300915950
Transform:
  m_ObjectHideFlags: 0
  m_CorrespondingSourceObject: {fileID: 0}
  m_PrefabInstance: {fileID: 0}
  m_PrefabAsset: {fileID: 0}
  m_GameObject: {fileID: 419370437438488749}
  serializedVersion: 2
  m_LocalRotation: {x: -0.28824618, y: -0.65122664, z: -0.27873394, w: 0.64430237}
  m_LocalPosition: {x: -0.035000026, y: -0.062999964, z: 0.0040000007}
  m_LocalScale: {x: 22, y: 22, z: 0}
  m_ConstrainProportionsScale: 0
  m_Children: []
  m_Father: {fileID: 4735241231980071357}
  m_LocalEulerAnglesHint: {x: -47.263, y: -91.213, z: 1.372}
--- !u!33 &6750507991638440816
MeshFilter:
  m_ObjectHideFlags: 0
  m_CorrespondingSourceObject: {fileID: 0}
  m_PrefabInstance: {fileID: 0}
  m_PrefabAsset: {fileID: 0}
  m_GameObject: {fileID: 419370437438488749}
  m_Mesh: {fileID: 760207555604313364, guid: 234184f70ace645459f788ef19da266f, type: 3}
--- !u!23 &2272133104374402928
MeshRenderer:
  m_ObjectHideFlags: 0
  m_CorrespondingSourceObject: {fileID: 0}
  m_PrefabInstance: {fileID: 0}
  m_PrefabAsset: {fileID: 0}
  m_GameObject: {fileID: 419370437438488749}
  m_Enabled: 1
  m_CastShadows: 1
  m_ReceiveShadows: 1
  m_DynamicOccludee: 1
  m_StaticShadowCaster: 0
  m_MotionVectors: 1
  m_LightProbeUsage: 1
  m_ReflectionProbeUsage: 1
  m_RayTracingMode: 2
  m_RayTraceProcedural: 0
  m_RayTracingAccelStructBuildFlagsOverride: 0
  m_RayTracingAccelStructBuildFlags: 1
  m_SmallMeshCulling: 1
  m_RenderingLayerMask: 1
  m_RendererPriority: 0
  m_Materials:
  - {fileID: 2100000, guid: c88a8f3751e32ab46818134bf9952340, type: 2}
  m_StaticBatchInfo:
    firstSubMesh: 0
    subMeshCount: 0
  m_StaticBatchRoot: {fileID: 0}
  m_ProbeAnchor: {fileID: 0}
  m_LightProbeVolumeOverride: {fileID: 0}
  m_ScaleInLightmap: 1
  m_ReceiveGI: 1
  m_PreserveUVs: 0
  m_IgnoreNormalsForChartDetection: 0
  m_ImportantGI: 0
  m_StitchLightmapSeams: 1
  m_SelectedEditorRenderState: 3
  m_MinimumChartSize: 4
  m_AutoUVMaxDistance: 0.5
  m_AutoUVMaxAngle: 89
  m_LightmapParameters: {fileID: 0}
  m_SortingLayerID: 0
  m_SortingLayer: 0
  m_SortingOrder: 0
  m_AdditionalVertexStreams: {fileID: 0}
--- !u!1 &3204759205431832934
GameObject:
  m_ObjectHideFlags: 0
  m_CorrespondingSourceObject: {fileID: 0}
  m_PrefabInstance: {fileID: 0}
  m_PrefabAsset: {fileID: 0}
  serializedVersion: 6
  m_Component:
  - component: {fileID: 4735241231980071357}
  m_Layer: 0
  m_Name: Viewbox
  m_TagString: Patient
  m_Icon: {fileID: 0}
  m_NavMeshLayer: 0
  m_StaticEditorFlags: 0
  m_IsActive: 0
--- !u!4 &4735241231980071357
Transform:
  m_ObjectHideFlags: 0
  m_CorrespondingSourceObject: {fileID: 0}
  m_PrefabInstance: {fileID: 0}
  m_PrefabAsset: {fileID: 0}
  m_GameObject: {fileID: 3204759205431832934}
  serializedVersion: 2
  m_LocalRotation: {x: 0, y: 0, z: 0, w: 1}
  m_LocalPosition: {x: 0.58099985, y: 1.3870001, z: 0.035999775}
  m_LocalScale: {x: 1, y: 1, z: 1}
  m_ConstrainProportionsScale: 0
  m_Children:
  - {fileID: 1600115923300915950}
  - {fileID: 4506459136870272183}
  - {fileID: 3174670826366142315}
  m_Father: {fileID: 0}
  m_LocalEulerAnglesHint: {x: 0, y: 0, z: 0}
--- !u!1 &4905372396232863162
GameObject:
  m_ObjectHideFlags: 0
  m_CorrespondingSourceObject: {fileID: 0}
  m_PrefabInstance: {fileID: 0}
  m_PrefabAsset: {fileID: 0}
  serializedVersion: 6
  m_Component:
  - component: {fileID: 3174670826366142315}
  - component: {fileID: 4288652898973645665}
  m_Layer: 0
  m_Name: Point Light
  m_TagString: Untagged
  m_Icon: {fileID: 0}
  m_NavMeshLayer: 0
  m_StaticEditorFlags: 0
  m_IsActive: 1
--- !u!4 &3174670826366142315
Transform:
  m_ObjectHideFlags: 0
  m_CorrespondingSourceObject: {fileID: 0}
  m_PrefabInstance: {fileID: 0}
  m_PrefabAsset: {fileID: 0}
  m_GameObject: {fileID: 4905372396232863162}
  serializedVersion: 2
  m_LocalRotation: {x: 0.18301274, y: 0.6830127, z: -0.18301274, w: 0.6830127}
  m_LocalPosition: {x: 0, y: 0, z: 0}
  m_LocalScale: {x: 116.08884, y: 116.088806, z: 116.08883}
  m_ConstrainProportionsScale: 0
  m_Children: []
  m_Father: {fileID: 4735241231980071357}
  m_LocalEulerAnglesHint: {x: 0, y: 0, z: 0}
--- !u!108 &4288652898973645665
Light:
  m_ObjectHideFlags: 0
  m_CorrespondingSourceObject: {fileID: 0}
  m_PrefabInstance: {fileID: 0}
  m_PrefabAsset: {fileID: 0}
  m_GameObject: {fileID: 4905372396232863162}
  m_Enabled: 1
  serializedVersion: 11
  m_Type: 2
  m_Color: {r: 1, g: 1, b: 1, a: 1}
  m_Intensity: 1
  m_Range: 10
  m_SpotAngle: 30
  m_InnerSpotAngle: 21.80208
  m_CookieSize: 10
  m_Shadows:
    m_Type: 0
    m_Resolution: -1
    m_CustomResolution: -1
    m_Strength: 1
    m_Bias: 0.05
    m_NormalBias: 0.4
    m_NearPlane: 0.2
    m_CullingMatrixOverride:
      e00: 1
      e01: 0
      e02: 0
      e03: 0
      e10: 0
      e11: 1
      e12: 0
      e13: 0
      e20: 0
      e21: 0
      e22: 1
      e23: 0
      e30: 0
      e31: 0
      e32: 0
      e33: 1
    m_UseCullingMatrixOverride: 0
  m_Cookie: {fileID: 0}
  m_DrawHalo: 0
  m_Flare: {fileID: 0}
  m_RenderMode: 0
  m_CullingMask:
    serializedVersion: 2
    m_Bits: 4294967295
  m_RenderingLayerMask: 1
  m_Lightmapping: 4
  m_LightShadowCasterMode: 0
  m_AreaSize: {x: 1, y: 1}
  m_BounceIntensity: 1
  m_ColorTemperature: 6570
  m_UseColorTemperature: 0
  m_BoundingSphereOverride: {x: 0, y: 0, z: 0, w: 0}
  m_UseBoundingSphereOverride: 0
  m_UseViewFrustumForShadowCasterCull: 1
  m_ForceVisible: 0
  m_ShadowRadius: 0
  m_ShadowAngle: 0
  m_LightUnit: 1
  m_LuxAtDistance: 1
  m_EnableSpotReflector: 1
--- !u!1001 &4107443148631452508
PrefabInstance:
  m_ObjectHideFlags: 0
  serializedVersion: 2
  m_Modification:
    serializedVersion: 3
    m_TransformParent: {fileID: 4735241231980071357}
    m_Modifications:
    - target: {fileID: -8679921383154817045, guid: 85eaa67281386d1419e04dd3f2b807cd,
        type: 3}
      propertyPath: m_LocalScale.x
      value: 24.899998
      objectReference: {fileID: 0}
    - target: {fileID: -8679921383154817045, guid: 85eaa67281386d1419e04dd3f2b807cd,
        type: 3}
      propertyPath: m_LocalScale.y
      value: 22.599998
      objectReference: {fileID: 0}
    - target: {fileID: -8679921383154817045, guid: 85eaa67281386d1419e04dd3f2b807cd,
        type: 3}
      propertyPath: m_LocalScale.z
      value: 25.1
      objectReference: {fileID: 0}
    - target: {fileID: -8679921383154817045, guid: 85eaa67281386d1419e04dd3f2b807cd,
        type: 3}
      propertyPath: m_LocalPosition.x
      value: -0.18399984
      objectReference: {fileID: 0}
    - target: {fileID: -8679921383154817045, guid: 85eaa67281386d1419e04dd3f2b807cd,
        type: 3}
      propertyPath: m_LocalPosition.y
      value: 0.09899986
      objectReference: {fileID: 0}
    - target: {fileID: -8679921383154817045, guid: 85eaa67281386d1419e04dd3f2b807cd,
        type: 3}
      propertyPath: m_LocalPosition.z
      value: -0.0049997754
      objectReference: {fileID: 0}
    - target: {fileID: -8679921383154817045, guid: 85eaa67281386d1419e04dd3f2b807cd,
        type: 3}
      propertyPath: m_LocalRotation.w
      value: 0.9290847
      objectReference: {fileID: 0}
    - target: {fileID: -8679921383154817045, guid: 85eaa67281386d1419e04dd3f2b807cd,
        type: 3}
      propertyPath: m_LocalRotation.x
      value: -0
      objectReference: {fileID: 0}
    - target: {fileID: -8679921383154817045, guid: 85eaa67281386d1419e04dd3f2b807cd,
        type: 3}
      propertyPath: m_LocalRotation.y
      value: -0
      objectReference: {fileID: 0}
    - target: {fileID: -8679921383154817045, guid: 85eaa67281386d1419e04dd3f2b807cd,
        type: 3}
      propertyPath: m_LocalRotation.z
      value: 0.369867
      objectReference: {fileID: 0}
    - target: {fileID: -8679921383154817045, guid: 85eaa67281386d1419e04dd3f2b807cd,
        type: 3}
      propertyPath: m_LocalEulerAnglesHint.x
      value: 0
      objectReference: {fileID: 0}
    - target: {fileID: -8679921383154817045, guid: 85eaa67281386d1419e04dd3f2b807cd,
        type: 3}
      propertyPath: m_LocalEulerAnglesHint.y
      value: 0
      objectReference: {fileID: 0}
    - target: {fileID: -8679921383154817045, guid: 85eaa67281386d1419e04dd3f2b807cd,
        type: 3}
      propertyPath: m_LocalEulerAnglesHint.z
      value: 0
      objectReference: {fileID: 0}
    - target: {fileID: -7511558181221131132, guid: 85eaa67281386d1419e04dd3f2b807cd,
        type: 3}
      propertyPath: 'm_Materials.Array.data[0]'
      value: 
      objectReference: {fileID: 2100000, guid: 9b01d7c0e4dfa854eb5dfe2624e27c0f, type: 2}
    - target: {fileID: 919132149155446097, guid: 85eaa67281386d1419e04dd3f2b807cd,
        type: 3}
      propertyPath: m_Name
      value: cube
      objectReference: {fileID: 0}
    - target: {fileID: 919132149155446097, guid: 85eaa67281386d1419e04dd3f2b807cd,
        type: 3}
      propertyPath: m_IsActive
      value: 1
      objectReference: {fileID: 0}
    m_RemovedComponents: []
    m_RemovedGameObjects: []
    m_AddedGameObjects: []
    m_AddedComponents: []
  m_SourcePrefab: {fileID: 100100000, guid: 85eaa67281386d1419e04dd3f2b807cd, type: 3}
--- !u!4 &4506459136870272183 stripped
Transform:
  m_CorrespondingSourceObject: {fileID: -8679921383154817045, guid: 85eaa67281386d1419e04dd3f2b807cd,
    type: 3}
  m_PrefabInstance: {fileID: 4107443148631452508}
  m_PrefabAsset: {fileID: 0}
